Record 1
LDR  00704dam  2200217   45  
005  19890525000000.0
008  690626s1968    nyua     b    00110 eng  
010       $a 68025338
035       $a (CaOTULAS)112438813
035       $a (OCoLC)10562
040       $a DLC $c DLC $d m.c. $d CUS
050  0    $a TK7816 $b .O4
100  10   $a Olsen, George Henry
245  10   $a Electronics; a general introduction for the non-specialist $c [by] G. H. Olsen
260  0    $a New York, $b Plenum Press $c [1968]
300       $a 493 p. $b illus. $c 23 cm
500       $a UCSD: INPUT 901 $C VALUE IS 'd'. OUTPUT STATUS CODE SHOULD BE 'd'. (2/02)
504       $a Includes bibliographies
650   0   $a Electronics
852       $a SDB $b smono $h TK7816 $i .O4
901       $a SDB $b 1303023

Record 2
