LDR  00892cas  2200277   45  
005  19890525000000.0
008  690904s1969    mduabd        00110 eng  
010       $a 71079625 //r79
035       $a (CaOTULAS)112445651
035       $a (OCoLC)26120
040       $a DLC $c DLC $d m.c. $d CUS
050  0    $a VK555 $b .D96 1969
090       $a VK555 $b .D97 1969
100  10   $a Dunlap, G. D., $d 1923-
245  10   $a Dutton's Navigation and piloting
250       $a 12th ed. $b by G. D. Dunlap and H. H. Shufeldt
260  0    $a Annapolis, $b United States Naval Institute $c [1969]
300       $a 715, ii, 25 p. $b illus., charts, maps. $c 27 cm
500       $a UCSD PE: TYPE IS 'a'; BIBLEV IS 's'. (2/02)
650   0   $a Navigation
650   0   $a Nautical astronomy
700  10   $a Dutton, Benjamin, $d 1883-1937
700  10   $a Shufeldt, H. H., $d 1898-
740  00   $a Navigation and piloting
852       $a SDB $b smono $j VK555
901       $a SDB $b 13072748

Record 4
