LDR  00931cam  2200253I  45  
005  20020510143000.0
008  691204s1969    caua         00000 eng  
010       $a 71088212
035       $a (CaOTULAS)112444381
035       $a (OCoLC)45705
040       $a DLC $c DLC $d CUS
050  0    $a TR850 $b .A57 1969
090       $a TR850 $b .A512 1969
245  00   $a American cinematographer manual. $c Compiled and edited by Arthur C. Miller and Walter Strenge
250       $a 3d ed
260  0    $a Hollywood, $b American Society of Cinematographers $c [1969]
300       $a 650 p. (p. [1]-57, 645-650 advertisements) $b illus. $c 19 cm
500       $a UCSD: RECORD HAS 005, NO 902. DROP INPUT 005 AND CREATE NEW 005 FROM FILEDATE PARM (3/02).
650   0   $a Cinematography $x Handbooks, manuals, etc
700  10   $a Miller, Arthur C.,
700  10   $a Strenge, Walter,
710  20   $a American Society of Cinematographers
852       $a SDB $b smono $h TR850 $i .A512 1969
901       $a SDB $b 1310723

Record 5
