LDR  00939dXX  2200265   45  
005  20020510143000.0
008  710507s1971    paua          00110 eng  
010       $a 76118592
020       $a 0721672671
035       $a (CaOTULAS)112436589
035       $a (OCoLC)139956
040       $a DLC $c DLC $d GXM $d CUS
049       $a CUSB $c [!31822014203103]
050  0    $a RJ51.P8 $b P6
060       $a WB 284 P765p 1971
096       $a WB 284 P765p 1971
100  10   $a Polgar, George, $d 1919-
260  0    $a Philadelphia, $b Saunders, $c 1971
300       $a ix, 273 p. $b illus. $c 27 cm
500       $a UCSD: DELETE REC (901 $c = "d"), HAS NO 245, NO 920 (LOC CODE), NO 902, INVALID TYPE & BIBLVL - DO NOT CREATE 998 ERROR FLDS, USE FILEDATE TO CREATE OUTPUT 005 (06/02).
650   0   $a Pulmonary function tests
650   0   $a Pediatric respiratory diseases $x Diagnosis
650   2   $a Pulmonary function tests $x in infancy and childhood
700  10   $a Promadhat, Varuni
901       $a SDB $b 1334655

Record 7
