LDR  00719nam  22002411  45  
005  19900829000000.0
008  810312s1856    nyu      d    00000beng  
010       $a 04000714
035       $a (CaOTULAS)74598675
046       $c CarP   $a XUS1
050  0    $a CT103 $b .R4 1856
051       $c Copy 2
098  0    $n ov=
099       $a 15524
100  10   $a [Rich, Elihu], $d 1819-1875,
245  10   $a Appletons' cyclopµdia of biography:
260  0    $a New York, $b D. Appleton and company, $c 1856.
300       $a 1058 p. $b illus. $c 27 cm.
500       $a UCSD: ID LENGTH=8; MAINTAIN CHECK DIGIT IN 901 $B (03/02).
650   0   $a Biography $x Dictionaries.
700  10   $a Lilly, Lambert, $d 1798-1866.
852       $a SDB $b ca $h CT103 $i .R4 1856
901       $a SDB $b 19971558

Record 9
