LDR  01324cas  2200349 ü 45  
005  19910703000000.0
008  740411c19719999oncuu4p  o     uu0a0eng  cas ü
010       $a 73648066  $z cn 84311398
012       $a 4 $b 3 $e - $f - $g p $h - $i ----
022  0    $a 0045-2564
035       $a (CaOTULAS)126472468
035       $a 46290 $b XUSL
035       $a (OCoLC)1789992
040       $a DLC $b eng $c DLC $d NLC $d OCL $d NLC $d NST $d AIP $d NLC $d NST $d CUS
042       $a lc $a nlc $a isds/c
043       $a n-cn---
050  0    $a Z1369 $b .B73
098       $n ov=.b1460262
210  0    $a Books Can.
222   0   $a Books in Canada.
245  00   $a Books in Canada.
260  00   $a [Toronto, $b Canadian Review of Books Ltd.]
265       $a 6 Charles St., M4Y IT2.
300       $b ill. $c 28 cm.
362  0    $a v. 1-   July 1971-
500       $a UCSD PE: MOVE INPUT 935 FLD TO OUTPUT 852$X FOR ALL LOCATIONS (02/02).
515       $a Vol. 1, no. 1 preceded by a number dated May 1971, called Introductory ed.
651   0   $a Canada $x Book reviews $x Periodicals.
776  0    $t Books in Canada.  Index and microtext. $c (Toronto, $d 1971) $x 0317-4905.
852       $a SDB $b ccha $j Z 1369 B73 $m * $x 935 FIELD $3 5-7:1-5,7:7-10,8-18,1990- (1976- ) $D Not currently received $O t
852       $a SDB $b ccoa $j Z 1369 B73 $m * $x 935 FIELD $3 5-7:1-5,7:7-10,8-18,1990- (1976- ) $D Not currently received $O t
901       $a SDB $b 27256169

Record 11
