LDR  01644cas  2200421 a 45  
005  19920306000000.0
008  820401c19uu9999waubr1p  ¯    0uuua0eng d
010       $a 82-644165 $z sn82-2365
012       $a 3 $b 3 $j 1 $k 1 $m p
022  0    $a 0744-4664 $y 0279-8549
030       $a SELEDQ
032       $a 585910 $b USPS
035       $a (OCoLC)8297292
040       $a NSD $c NSD $d DLC $d NST $d NSD $d NST $d NSD $d CUS
042       $a nsdp $a lc
050  0    $a SH334.9 $b .S44
098       $n ov=.b3591505
099       $a SIO $a 1 $a SE223
210  0    $a Seaf. lead.
222  00   $a Seafood leader.
245  00   $a Seafood leader.
246  00   $a Seafood leader buyer's guide.
260  00   $a [Seattle, WA : $b Waterfront Press Co.,
265       $a Waterfront Press Co., 1115 N.W. 46th St., Seattle, WA 98107.
300       $a v. : $b ill. ; $c 28 cm.
310       $a Bimonthly, $b <Mar./Apr. 1989->
321       $a Five issues a year, $b <Vol. 4, no. 1->
321       $a Quarterly, $b <spring 1982->
500       $a Description based on: Vol. 2, no. 5 (Spring 1982); title from cover.
500       $a UCSD PE: 1ST LOC, CREATE 852 $M FROM STAMP IN 850 $D (02/02).
500       $a 2ND LOC: 850 HAS $e AND $f - OUTPUT BOTH SUBFIELDS AS SEPARATE 852 $M'S (02/02).
510  2    $a BioBusiness $b 1990-
650   0   $a Fishery processing $x Periodicals.
650   0   $a Fishery processing industries $x Periodicals.
780  00   $t Ocean leader $x 0279-8549 $w (OCoLC)7329813.
852       $a SDB $b sk $m Sp.Coll $j SIO 1 SE223 $3 U3:2,U5:2,6:1-2 (1984-1986) $D Currently received $O a
852       $a SDB $b sr $j SH 339.4 S44 $m LATEST IN REF. EARLIER TO LEVEL 2 STACKS AS SIO 1 SE223 $m BUYER'S GUIDE issue $3 U12:2- (1991- ) $O <blank>
901       $a SDB $b 23187189

Record 12
