LDR  04493nas  2200769 a 45x0
005  20051122000000.0
007  cr unu--------
008  760826c19499999dcuwr1p       0   a0eng d
010       $a 80643369  $z 83641459  $z 85644546  $z 83641460  $z 84644357
019       $a 2396685 $a 10561460 $a 12330965 $a 13245194 $a 20323241
022  0    $a 0148-0227 $z 0022-1406 $z 0196-6928 $z 0196-6936 $z 0885-3401 $z 8755-8556 $z 0196-2256 $z 0747-7309
030       $a JGREA2 $z JJGPD4 $z JJGBDU $z JGRCEY $z JJGADR $z JGRDE3
032       $a 280300 $b USPS
035       $a (OCoLC)2396688
040       $a UDI $c UDI $d NSD $d DLC
042       $a lc $a nsdp
050  00   $a QC811 $b .J6
082  00   $a 551 $2 19
099       $a SIO $a 1 $a JO502
210  0    $a J. geophys. res
222   0   $a Journal of geophysical research
245  00   $a Journal of geophysical research
246  1    $i Issues for 1974- also have title: $a JGR
246  3    $a Journal of geophysical research. $p Space physics $f 1967-1977
246  3    $a Journal of geophysical research. $n A, $p Space physics $f 1978-
246  3    $a Journal of geophysical research. $n B $f 1978-1984
246  3    $a Journal of geophysical research. $n B, $p Solid earth $f 1991-
246  3    $a Journal of geophysical research. $n C, $p Oceans $f 2003-
246  3    $a Journal of geophysical research. $p Oceans and atmospheres $f 1969-1977
246  3    $a Journal of geophysical research. $n C, $p Oceans and atmospheres $f 1978-1983
246  3    $a Journal of geophysical research. $n D, $p Atmospheres $f 1984-
246  3    $a Journal of geophysical research. $n E, $p Planets $f 1991-
246  3    $a Journal of geophysical research. $n F, $p Earth surface $f 2003-
260       $a Richmond, Va. : $b William Byrd Press for John Hopkins Press, $c 1949-
300       $a v. : $b ill. ; $c 30 cm
310       $a Weekly, $b <July 20, 1986->
321       $a Frequency varies, $b 1949-<1985>
362  0    $a Mar. 1949-
500       $a UCSD PE:  850 FLD HAS HOLDINGS IN MULTIPLE SUBFLD g'S.  OUPUT IN 852 IN SINGLE SUBFLD 3, SEPARATING EACH g WITH ";  " (SEMICOLON FOLLOWED BY 2 SPACES) (12/05).
515       $a Some vols. issued in pts. called: Space physics, Nov. 1967-1977; Oceans and atmospheres, June 20, 1969-1977; A, Space physics, 1978- ; B, 1978-1984; B, Solid earth and planets, Jan. 10, 1985-Aug. 10, 1991; B, Solid earth, Sept. 1991- ; C, Oceans and atmospheres, 1978-1983; C, Oceans, 1984- ; D, Atmospheres, 1984- ; E, Planets, 1991- ; F, Earth surface, Dec. 28, 2003-
515       $a Vols. for 1949- called also v. 54-
530       $a Also issued on microfilm
530       $a Also issued online
555       $a Annual index to all parts issued as a JGR supplement beginning with v. 99 for 1994
650   0   $a Geomagnetism $v Periodicals
650   0   $a Geophysics $v Periodicals
650   0   $a Astrophysics $v Periodicals
655   7   $a Online resources. $2 local
690       $a Electronic journals $x Geology, geochemistry, and geophysics
690       $a Electronic journals $x Climate and atmospheric science
690       $a Electronic journals $x Oceanography and limnology (Physical aspects)
690       $a Electronic journals $x Physical sciences
690       $a Electronic journals $x Physical sciences and engineering
710  2    $a American Geophysical Union
770  0    $t Journal of geophysical research. Supplement $w (DLC)sf 87010371 $w (OCoLC)9103975
776  1    $c Microfiche $x 0148-0227 $w (OCoLC)30890943
780  00   $t Terrestrial magnetism and atmospheric electricity $x 0096-8013 $w (DLC)   83641458 $w (OCoLC)1772705
793  0    $a American Geophysical Union online journals. $g a
852       $a SDB $b ek $j QE 1 J826 $m Sections A-E bound together $3 JGR. 54-82 (1949-1977) (1ST);  Section A. 72-98 (1967-1993) (2ND);  Section B. 72-81,82:1,82:3-4,82:6-9,83-98 (1967-1993) (3RD);  Section C. 72-98 (1967-1993) (4TH);  Section D. 72-98 (1967-1993) (5TH);  Section E. 96-98 (1991-1993) (6TH) $D Not currently received $O i
852       $a SDB $b nnet $m Electronic journal $3 99- (1994- ) $D Currently received $O a
856  41   $3 v.99(1994)- $z AGU. Atmospheres. Restricted to UC campuses. Limited to 4 users for all JGR titles; if refused, try again in a few minutes $u http://uclibs.org/PID/37794
856  41   $3 v.108(2003)- $z AGU. Earth surface. Restricted to UC campuses. Limited to 4 users for all JGR titles; if refused, try again in a few minutes $u http://uclibs.org/PID/37795
891  33   $9 853 $8 1 $a v. $b no. $i (year) $j (month)
891  40   $9 863 $8 1 $a <55>- $i <1950>- $x provisional
891  33   $9 853 $8 2 $a v. $b no. $u 48 $v r $i (year) $j (month) $w m $x 01
891  40   $9 863 $8 2 $a <83>- $i <1978>- $x provisional
901       $a SDB $b 27292940

Record 21
