LDR  01857nai  2200445 a 4500
005  20060614000000.0
007  cr cn---------
008  800701c19819999dcuwr1p       0   a0eng d
010       $a 81640907  $z sn 80013101
012       $a 2 $b 3 $k 1 $l 1 $m 1
022  0    $a 0270-6474
030       $a JNRSDS
032       $a 592410 $b USPS
035       $a (OCoLC)6476199
040       $a NSD $c NSD $d NSD $d DLC $d NSD $d DLC $d NSD $d NST $d SER $d RCS $d NST $d AIP $d NST $d AIP $d NST $d AIP $d NST $d AIP $d NST $d NSD $d MXC $d GUA $d IUL $d SYS $d OCL $d NLM $d OCLCQ $d GUA $d NLGGC $d UtOrBLW
041  0    $a eng $b eng
042       $a nsdp $a lc
050  00   $a QP351 $b .J65
060  00   $a W1 $b JO795BN
082  0    $a 599.01/88/05
210  0    $a J. neurosci
222   0   $a Journal of neuroscience
245  04   $a The journal of neuroscience : $b the official journal of the Society for Neuroscience
246  30   $a Neuroscience
260       $a [Baltimore, MD : $b The Society, $c c1981-
300       $a v. : $b ill. ; $c 28 cm
310       $a Weekly, $b July 2003-
321       $a Monthly, $b 1981-1995
321       $a Semimonthly, $b 1996-June 2003
362  0    $a Vol. 1, no. 1 (Jan. 1981)-
500       $a Title from cover
500       $a UCSD PE: INTEGRATING RESOURCE - TYPE = 'a', BIBLVL = 'i'; OUTPUT AS SERIAL, DO NOT OUTPUT ERROR (07/06).
650   0   $a Neurophysiology $v Periodicals
793  0    $a HighWire Press online journals. $g a
793  0    $a Open access resource; selected by the UC Libraries. $p HighWire Press online journals
852       $a SDB $b bkh $j W1 JO721F $3 13- (1993- ) $D Currently received $O a
852       $a SDB $b ba $j W1 JO721F $3 1-12 (1981-1992) $D Not currently received $O i
852       $a SDB $b nnet $D Currently received $O a
856  41   $3 v.1(1981)- $z HighWire. Current 6 months and issues before Jan. 1997 restricted to UCSD IP addresses; issues older than 6 months through Jan. 1997 freely available $u http://uclibs.org/PID/4040
901       $a SDB $b 23166058

Record 22
