LDR  01774nmi  2200409 a 4500
005  20060616000000.0
007  cr un---------
008  810318c19819999moumr1p       0   a0eng d
010       $a sn 81003114
022  0    $a 0194-5998
032       $a 108790 $b USPS
035       $a (OCoLC)7236111
037       $b C.V. Mosby, 11830 Westline Industrial Dr., St. Louis, MO 63146-3318
040       $a NSD $c NSD $d DLC $d HUL $d NST $d RCS $d NST $d AIP $d NST $d AIP $d NLM $d OCL $d NLM $d NSD $d NST $d GUA $d WAU $d NYG $d NSD $d OCLCQ $d CUS $d UtOrBLW
042       $a nsdp $a lcd
050   4   $a RD521 $b .O86
060  00   $a W1 $b OT52W
082  10   $a 617 $2 11
096       $a W1 OT598B
210  0    $a Otolaryngol. head neck surg
222   0   $a Otolaryngology and head and neck surgery
245  00   $a Otolaryngology--head and neck surgery : $b official journal of American Academy of Otolaryngology--Head and Neck Surgery
260       $a [Rochester, MN] : $b The Academy, $c [1981-
300       $a v. : $b ill., ports. ; $c 27 cm
310       $a Monthly, $b Mar. 1986-
321       $a Bimonthly, $b Jan./Feb. 1981-Feb. 1983
321       $a Eight times a year, $b Apr. 1983-Dec. 1985
321       $a 10 times a year, $b Jan. 1986-Feb. 1986
362  0    $a Vol. 89, no. 1 (Jan.-Feb. 1981)-
500       $a UCSD PE: INTEGRATING RESOURCE - TYPE = 'm', BIBLVL = 'i'; OUTPUT AS SERIAL, DO NOT OUTPUT ERROR (07/06).
650   0   $a Head $x Surgery $v Periodicals
793  0    $a ScienceDirect online journals $g a
852       $a SDB $b mkh $j W1 OT598B $3 89- (1981- ) $D Currently received $O a
852       $a SDB $b ba $j W1 OT598B $3 87-95,96:2-3,96:4-6,97-98:1-3,98:4&6,99-109 (1981-1993) $D Not currently received $O i
852       $a SDB $b nnet $D Currently received $O a
856  41   $3 v.120:no.4(1999:Apr.)- $z ScienceDirect. Restricted to UC campuses $u http://uclibs.org/PID/37689
901       $a SDB $b 23174742

Record 23
LDR  00965nas  2200253Ia 4500
005  20051110000000.0
008  770921c19739999enktr p       0   a0eng u
035       $a (OCoLC)3284084
040       $c MUL $d CUS
090       $a PR1170 $b .G7
098       $n ov=.b1724307
260       $a Hanley, Stoke-on-Trent, England : $b Plan B Press, $c 1973-
300       $a v. : $b ill. ; $c 30 cm
310       $a Three times a year
362  0    $a no. 1 (Apr. 1973)-
500       $a UCSD PE: NO 245 FIELD, UNKNOWN LOC CODE - CREATE 2 998 ERROR FIELDS (12/05).
650   0   $a English poetry $y 20th century $v Periodicals
700  1    $a Symondson, Bill
700  1    $a Philpott, Peter, $d 1949-
793  0    $a Archive for New Poetry
852       $a SDB $b XXX $j PR 1170 G7 $3 U1,U4,U6-7 (1973-MAY1979) $D Not currently received $O i
901       $a SDB $b 2332630x
998       $a SDB $b 1003 $c Record contains the unknown location code XXX $d Release-027-000 $e 2332630x
998       $a SDB $b 1002 $c Record contains no 245 field $d Release-027-000 $e 2332630x

